%YAML 1.1
%TAG !u! tag:unity3d.com,2011:
--- !u!29 &1
OcclusionCullingSettings:
  m_ObjectHideFlags: 0
  serializedVersion: 2
  m_OcclusionBakeSettings:
    smallestOccluder: 5
    smallestHole: 0.25
    backfaceThreshold: 100
  m_SceneGUID: 00000000000000000000000000000000
  m_OcclusionCullingData: {fileID: 0}
--- !u!104 &2
RenderSettings:
  m_ObjectHideFlags: 0
  serializedVersion: 9
  m_Fog: 0
  m_FogColor: {r: 0.5, g: 0.5, b: 0.5, a: 1}
  m_FogMode: 3
  m_FogDensity: 0.01
  m_LinearFogStart: 0
  m_LinearFogEnd: 300
  m_AmbientSkyColor: {r: 0.212, g: 0.227, b: 0.259, a: 1}
  m_AmbientEquatorColor: {r: 0.114, g: 0.125, b: 0.133, a: 1}
  m_AmbientGroundColor: {r: 0.047, g: 0.043, b: 0.035, a: 1}
  m_AmbientIntensity: 1
  m_AmbientMode: 3
  m_SubtractiveShadowColor: {r: 0.42, g: 0.478, b: 0.627, a: 1}
  m_SkyboxMaterial: {fileID: 0}
  m_HaloStrength: 0.5
  m_FlareStrength: 1
  m_FlareFadeSpeed: 3
  m_HaloTexture: {fileID: 0}
  m_SpotCookie: {fileID: 10001, guid: 0000000000000000e000000000000000, type: 0}
  m_DefaultReflectionMode: 0
  m_DefaultReflectionResolution: 128
  m_ReflectionBounces: 1
  m_ReflectionIntensity: 1
  m_CustomReflection: {fileID: 0}
  m_Sun: {fileID: 0}
  m_IndirectSpecularColor: {r: 0, g: 0, b: 0, a: 1}
  m_UseRadianceAmbientProbe: 0
--- !u!157 &3
LightmapSettings:
  m_ObjectHideFlags: 0
  serializedVersion: 11
  m_GIWorkflowMode: 1
  m_GISettings:
    serializedVersion: 2
    m_BounceScale: 1
    m_IndirectOutputScale: 1
    m_AlbedoBoost: 1
    m_TemporalCoherenceThreshold: 1
    m_EnvironmentLightingMode: 0
    m_EnableBakedLightmaps: 0
    m_EnableRealtimeLightmaps: 0
  m_LightmapEditorSettings:
    serializedVersion: 10
    m_Resolution: 2
    m_BakeResolution: 40
    m_AtlasSize: 1024
    m_AO: 0
    m_AOMaxDistance: 1
    m_CompAOExponent: 1
    m_CompAOExponentDirect: 0
    m_Padding: 2
    m_LightmapParameters: {fileID: 0}
    m_LightmapsBakeMode: 1
    m_TextureCompression: 1
    m_FinalGather: 0
    m_FinalGatherFiltering: 1
    m_FinalGatherRayCount: 256
    m_ReflectionCompression: 2
    m_MixedBakeMode: 2
    m_BakeBackend: 1
    m_PVRSampling: 1
    m_PVRDirectSampleCount: 32
    m_PVRSampleCount: 500
    m_PVRBounces: 2
    m_PVRFilterTypeDirect: 0
    m_PVRFilterTypeIndirect: 0
    m_PVRFilterTypeAO: 0
    m_PVRFilteringMode: 1
    m_PVRCulling: 1
    m_PVRFilteringGaussRadiusDirect: 1
    m_PVRFilteringGaussRadiusIndirect: 5
    m_PVRFilteringGaussRadiusAO: 2
    m_PVRFilteringAtrousPositionSigmaDirect: 0.5
    m_PVRFilteringAtrousPositionSigmaIndirect: 2
    m_PVRFilteringAtrousPositionSigmaAO: 1
    m_ShowResolutionOverlay: 1
  m_LightingDataAsset: {fileID: 0}
  m_UseShadowmask: 1
--- !u!196 &4
NavMeshSettings:
  serializedVersion: 2
  m_ObjectHideFlags: 0
  m_BuildSettings:
    serializedVersion: 2
    agentTypeID: 0
    agentRadius: 0.5
    agentHeight: 2
    agentSlope: 45
    agentClimb: 0.4
    ledgeDropHeight: 0
    maxJumpAcrossDistance: 0
    minRegionArea: 2
    manualCellSize: 0
    cellSize: 0.16666667
    manualTileSize: 0
    tileSize: 256
    accuratePlacement: 0
    debug:
      m_Flags: 0
  m_NavMeshData: {fileID: 0}
--- !u!1001 &51408151
Prefab:
  m_ObjectHideFlags: 0
  serializedVersion: 2
  m_Modification:
    m_TransformParent: {fileID: 0}
    m_Modifications:
    - target: {fileID: 4634286316844874, guid: 447efa712f16aae428926a4ee6719556, type: 2}
      propertyPath: m_LocalPosition.x
      value: -55.7
      objectReference: {fileID: 0}
    - target: {fileID: 4634286316844874, guid: 447efa712f16aae428926a4ee6719556, type: 2}
      propertyPath: m_LocalPosition.y
      value: 0
      objectReference: {fileID: 0}
    - target: {fileID: 4634286316844874, guid: 447efa712f16aae428926a4ee6719556, type: 2}
      propertyPath: m_LocalPosition.z
      value: 0
      objectReference: {fileID: 0}
    - target: {fileID: 4634286316844874, guid: 447efa712f16aae428926a4ee6719556, type: 2}
      propertyPath: m_LocalRotation.x
      value: 0
      objectReference: {fileID: 0}
    - target: {fileID: 4634286316844874, guid: 447efa712f16aae428926a4ee6719556, type: 2}
      propertyPath: m_LocalRotation.y
      value: 0
      objectReference: {fileID: 0}
    - target: {fileID: 4634286316844874, guid: 447efa712f16aae428926a4ee6719556, type: 2}
      propertyPath: m_LocalRotation.z
      value: 0
      objectReference: {fileID: 0}
    - target: {fileID: 4634286316844874, guid: 447efa712f16aae428926a4ee6719556, type: 2}
      propertyPath: m_LocalRotation.w
      value: 1
      objectReference: {fileID: 0}
    - target: {fileID: 4634286316844874, guid: 447efa712f16aae428926a4ee6719556, type: 2}
      propertyPath: m_RootOrder
      value: 10
      objectReference: {fileID: 0}
    m_RemovedComponents: []
  m_ParentPrefab: {fileID: 100100000, guid: 447efa712f16aae428926a4ee6719556, type: 2}
  m_IsPrefabParent: 0
--- !u!1001 &183018876
Prefab:
  m_ObjectHideFlags: 0
  serializedVersion: 2
  m_Modification:
    m_TransformParent: {fileID: 0}
    m_Modifications:
    - target: {fileID: 4213090551343634, guid: 5aca0b84017eab54d996e071c5a7f230, type: 2}
      propertyPath: m_LocalPosition.x
      value: -21
      objectReference: {fileID: 0}
    - target: {fileID: 4213090551343634, guid: 5aca0b84017eab54d996e071c5a7f230, type: 2}
      propertyPath: m_LocalPosition.y
      value: -1.2
      objectReference: {fileID: 0}
    - target: {fileID: 4213090551343634, guid: 5aca0b84017eab54d996e071c5a7f230, type: 2}
      propertyPath: m_LocalPosition.z
      value: -0.58618826
      objectReference: {fileID: 0}
    - target: {fileID: 4213090551343634, guid: 5aca0b84017eab54d996e071c5a7f230, type: 2}
      propertyPath: m_LocalRotation.x
      value: 0
      objectReference: {fileID: 0}
    - target: {fileID: 4213090551343634, guid: 5aca0b84017eab54d996e071c5a7f230, type: 2}
      propertyPath: m_LocalRotation.y
      value: 0
      objectReference: {fileID: 0}
    - target: {fileID: 4213090551343634, guid: 5aca0b84017eab54d996e071c5a7f230, type: 2}
      propertyPath: m_LocalRotation.z
      value: 0
      objectReference: {fileID: 0}
    - target: {fileID: 4213090551343634, guid: 5aca0b84017eab54d996e071c5a7f230, type: 2}
      propertyPath: m_LocalRotation.w
      value: 1
      objectReference: {fileID: 0}
    - target: {fileID: 4213090551343634, guid: 5aca0b84017eab54d996e071c5a7f230, type: 2}
      propertyPath: m_RootOrder
      value: 12
      objectReference: {fileID: 0}
    - target: {fileID: 1707180512327074, guid: 5aca0b84017eab54d996e071c5a7f230, type: 2}
      propertyPath: m_Name
      value: lighter_scanner_controller
      objectReference: {fileID: 0}
    m_RemovedComponents: []
  m_ParentPrefab: {fileID: 100100000, guid: 5aca0b84017eab54d996e071c5a7f230, type: 2}
  m_IsPrefabParent: 0
--- !u!1001 &502987752
Prefab:
  m_ObjectHideFlags: 0
  serializedVersion: 2
  m_Modification:
    m_TransformParent: {fileID: 0}
    m_Modifications:
    - target: {fileID: 4715060557771668, guid: ed04a9e59eb88b14aa5975079c5a7ce1, type: 2}
      propertyPath: m_LocalPosition.x
      value: 16.42
      objectReference: {fileID: 0}
    - target: {fileID: 4715060557771668, guid: ed04a9e59eb88b14aa5975079c5a7ce1, type: 2}
      propertyPath: m_LocalPosition.y
      value: -5.72
      objectReference: {fileID: 0}
    - target: {fileID: 4715060557771668, guid: ed04a9e59eb88b14aa5975079c5a7ce1, type: 2}
      propertyPath: m_LocalPosition.z
      value: 1.2988281
      objectReference: {fileID: 0}
    - target: {fileID: 4715060557771668, guid: ed04a9e59eb88b14aa5975079c5a7ce1, type: 2}
      propertyPath: m_LocalRotation.x
      value: 0
      objectReference: {fileID: 0}
    - target: {fileID: 4715060557771668, guid: ed04a9e59eb88b14aa5975079c5a7ce1, type: 2}
      propertyPath: m_LocalRotation.y
      value: 0
      objectReference: {fileID: 0}
    - target: {fileID: 4715060557771668, guid: ed04a9e59eb88b14aa5975079c5a7ce1, type: 2}
      propertyPath: m_LocalRotation.z
      value: 0
      objectReference: {fileID: 0}
    - target: {fileID: 4715060557771668, guid: ed04a9e59eb88b14aa5975079c5a7ce1, type: 2}
      propertyPath: m_LocalRotation.w
      value: 1
      objectReference: {fileID: 0}
    - target: {fileID: 4715060557771668, guid: ed04a9e59eb88b14aa5975079c5a7ce1, type: 2}
      propertyPath: m_RootOrder
      value: 9
      objectReference: {fileID: 0}
    m_RemovedComponents: []
  m_ParentPrefab: {fileID: 100100000, guid: ed04a9e59eb88b14aa5975079c5a7ce1, type: 2}
  m_IsPrefabParent: 0
--- !u!1001 &678073044
Prefab:
  m_ObjectHideFlags: 0
  serializedVersion: 2
  m_Modification:
    m_TransformParent: {fileID: 0}
    m_Modifications:
    - target: {fileID: 4118046600203990, guid: 66e918ce86298c64e872c8f1dbf31897, type: 2}
      propertyPath: m_LocalPosition.x
      value: 0
      objectReference: {fileID: 0}
    - target: {fileID: 4118046600203990, guid: 66e918ce86298c64e872c8f1dbf31897, type: 2}
      propertyPath: m_LocalPosition.y
      value: -12
      objectReference: {fileID: 0}
    - target: {fileID: 4118046600203990, guid: 66e918ce86298c64e872c8f1dbf31897, type: 2}
      propertyPath: m_LocalPosition.z
      value: 0
      objectReference: {fileID: 0}
    - target: {fileID: 4118046600203990, guid: 66e918ce86298c64e872c8f1dbf31897, type: 2}
      propertyPath: m_LocalRotation.x
      value: -0
      objectReference: {fileID: 0}
    - target: {fileID: 4118046600203990, guid: 66e918ce86298c64e872c8f1dbf31897, type: 2}
      propertyPath: m_LocalRotation.y
      value: -0
      objectReference: {fileID: 0}
    - target: {fileID: 4118046600203990, guid: 66e918ce86298c64e872c8f1dbf31897, type: 2}
      propertyPath: m_LocalRotation.z
      value: -0
      objectReference: {fileID: 0}
    - target: {fileID: 4118046600203990, guid: 66e918ce86298c64e872c8f1dbf31897, type: 2}
      propertyPath: m_LocalRotation.w
      value: 1
      objectReference: {fileID: 0}
    - target: {fileID: 4118046600203990, guid: 66e918ce86298c64e872c8f1dbf31897, type: 2}
      propertyPath: m_RootOrder
      value: 3
      objectReference: {fileID: 0}
    m_RemovedComponents: []
  m_ParentPrefab: {fileID: 100100000, guid: 66e918ce86298c64e872c8f1dbf31897, type: 2}
  m_IsPrefabParent: 0
--- !u!1001 &984844921
Prefab:
  m_ObjectHideFlags: 0
  serializedVersion: 2
  m_Modification:
    m_TransformParent: {fileID: 0}
    m_Modifications:
    - target: {fileID: 4072465476077156, guid: 18c0a4923db013a4ab7ad28fd84bc9af, type: 2}
      propertyPath: m_LocalPosition.x
      value: 0
      objectReference: {fileID: 0}
    - target: {fileID: 4072465476077156, guid: 18c0a4923db013a4ab7ad28fd84bc9af, type: 2}
      propertyPath: m_LocalPosition.y
      value: 1.1
      objectReference: {fileID: 0}
    - target: {fileID: 4072465476077156, guid: 18c0a4923db013a4ab7ad28fd84bc9af, type: 2}
      propertyPath: m_LocalPosition.z
      value: 0
      objectReference: {fileID: 0}
    - target: {fileID: 4072465476077156, guid: 18c0a4923db013a4ab7ad28fd84bc9af, type: 2}
      propertyPath: m_LocalRotation.x
      value: 0
      objectReference: {fileID: 0}
    - target: {fileID: 4072465476077156, guid: 18c0a4923db013a4ab7ad28fd84bc9af, type: 2}
      propertyPath: m_LocalRotation.y
      value: 0
      objectReference: {fileID: 0}
    - target: {fileID: 4072465476077156, guid: 18c0a4923db013a4ab7ad28fd84bc9af, type: 2}
      propertyPath: m_LocalRotation.z
      value: 0
      objectReference: {fileID: 0}
    - target: {fileID: 4072465476077156, guid: 18c0a4923db013a4ab7ad28fd84bc9af, type: 2}
      propertyPath: m_LocalRotation.w
      value: 1
      objectReference: {fileID: 0}
    - target: {fileID: 4072465476077156, guid: 18c0a4923db013a4ab7ad28fd84bc9af, type: 2}
      propertyPath: m_RootOrder
      value: 1
      objectReference: {fileID: 0}
    - target: {fileID: 114967185575358032, guid: 18c0a4923db013a4ab7ad28fd84bc9af,
        type: 2}
      propertyPath: Player
      value: 
      objectReference: {fileID: 1236335512}
    - target: {fileID: 114875931049046464, guid: 18c0a4923db013a4ab7ad28fd84bc9af,
        type: 2}
      propertyPath: Player
      value: 
      objectReference: {fileID: 1236335511}
    - target: {fileID: 224060562690592616, guid: 18c0a4923db013a4ab7ad28fd84bc9af,
        type: 2}
      propertyPath: m_AnchorMax.x
      value: 0
      objectReference: {fileID: 0}
    - target: {fileID: 224060562690592616, guid: 18c0a4923db013a4ab7ad28fd84bc9af,
        type: 2}
      propertyPath: m_AnchorMax.y
      value: 0
      objectReference: {fileID: 0}
    - target: {fileID: 224625329523908474, guid: 18c0a4923db013a4ab7ad28fd84bc9af,
        type: 2}
      propertyPath: m_AnchorMin.x
      value: 0
      objectReference: {fileID: 0}
    - target: {fileID: 224625329523908474, guid: 18c0a4923db013a4ab7ad28fd84bc9af,
        type: 2}
      propertyPath: m_AnchorMax.x
      value: 0
      objectReference: {fileID: 0}
    - target: {fileID: 224625329523908474, guid: 18c0a4923db013a4ab7ad28fd84bc9af,
        type: 2}
      propertyPath: m_AnchorMax.y
      value: 0
      objectReference: {fileID: 0}
    m_RemovedComponents: []
  m_ParentPrefab: {fileID: 100100000, guid: 18c0a4923db013a4ab7ad28fd84bc9af, type: 2}
  m_IsPrefabParent: 0
--- !u!4 &984844922 stripped
Transform:
  m_PrefabParentObject: {fileID: 4638050308424262, guid: 18c0a4923db013a4ab7ad28fd84bc9af,
    type: 2}
  m_PrefabInternal: {fileID: 984844921}
--- !u!1001 &1015328134
Prefab:
  m_ObjectHideFlags: 0
  serializedVersion: 2
  m_Modification:
    m_TransformParent: {fileID: 0}
    m_Modifications:
    - target: {fileID: 4118046600203990, guid: 66e918ce86298c64e872c8f1dbf31897, type: 2}
      propertyPath: m_LocalPosition.x
      value: -9.5
      objectReference: {fileID: 0}
    - target: {fileID: 4118046600203990, guid: 66e918ce86298c64e872c8f1dbf31897, type: 2}
      propertyPath: m_LocalPosition.y
      value: -5.6
      objectReference: {fileID: 0}
    - target: {fileID: 4118046600203990, guid: 66e918ce86298c64e872c8f1dbf31897, type: 2}
      propertyPath: m_LocalPosition.z
      value: 0
      objectReference: {fileID: 0}
    - target: {fileID: 4118046600203990, guid: 66e918ce86298c64e872c8f1dbf31897, type: 2}
      propertyPath: m_LocalRotation.x
      value: -0
      objectReference: {fileID: 0}
    - target: {fileID: 4118046600203990, guid: 66e918ce86298c64e872c8f1dbf31897, type: 2}
      propertyPath: m_LocalRotation.y
      value: -0
      objectReference: {fileID: 0}
    - target: {fileID: 4118046600203990, guid: 66e918ce86298c64e872c8f1dbf31897, type: 2}
      propertyPath: m_LocalRotation.z
      value: -0
      objectReference: {fileID: 0}
    - target: {fileID: 4118046600203990, guid: 66e918ce86298c64e872c8f1dbf31897, type: 2}
      propertyPath: m_LocalRotation.w
      value: 1
      objectReference: {fileID: 0}
    - target: {fileID: 4118046600203990, guid: 66e918ce86298c64e872c8f1dbf31897, type: 2}
      propertyPath: m_RootOrder
      value: 6
      objectReference: {fileID: 0}
    - target: {fileID: 1966659752794772, guid: 66e918ce86298c64e872c8f1dbf31897, type: 2}
      propertyPath: m_Name
      value: square_ground (1)
      objectReference: {fileID: 0}
    - target: {fileID: 4118046600203990, guid: 66e918ce86298c64e872c8f1dbf31897, type: 2}
      propertyPath: m_LocalScale.x
      value: 50
      objectReference: {fileID: 0}
    - target: {fileID: 4118046600203990, guid: 66e918ce86298c64e872c8f1dbf31897, type: 2}
      propertyPath: m_LocalScale.y
      value: 30
      objectReference: {fileID: 0}
    m_RemovedComponents: []
  m_ParentPrefab: {fileID: 100100000, guid: 66e918ce86298c64e872c8f1dbf31897, type: 2}
  m_IsPrefabParent: 0
--- !u!1001 &1236335510
Prefab:
  m_ObjectHideFlags: 0
  serializedVersion: 2
  m_Modification:
    m_TransformParent: {fileID: 0}
    m_Modifications:
    - target: {fileID: 4750619881488732, guid: 8f4cf141059d7d447b5cc5161ba69c46, type: 2}
      propertyPath: m_LocalPosition.x
      value: 0.7
      objectReference: {fileID: 0}
    - target: {fileID: 4750619881488732, guid: 8f4cf141059d7d447b5cc5161ba69c46, type: 2}
      propertyPath: m_LocalPosition.y
      value: -2.9
      objectReference: {fileID: 0}
    - target: {fileID: 4750619881488732, guid: 8f4cf141059d7d447b5cc5161ba69c46, type: 2}
      propertyPath: m_LocalPosition.z
      value: 0
      objectReference: {fileID: 0}
    - target: {fileID: 4750619881488732, guid: 8f4cf141059d7d447b5cc5161ba69c46, type: 2}
      propertyPath: m_LocalRotation.x
      value: -0
      objectReference: {fileID: 0}
    - target: {fileID: 4750619881488732, guid: 8f4cf141059d7d447b5cc5161ba69c46, type: 2}
      propertyPath: m_LocalRotation.y
      value: -0
      objectReference: {fileID: 0}
    - target: {fileID: 4750619881488732, guid: 8f4cf141059d7d447b5cc5161ba69c46, type: 2}
      propertyPath: m_LocalRotation.z
      value: -0
      objectReference: {fileID: 0}
    - target: {fileID: 4750619881488732, guid: 8f4cf141059d7d447b5cc5161ba69c46, type: 2}
      propertyPath: m_LocalRotation.w
      value: 1
      objectReference: {fileID: 0}
    - target: {fileID: 4750619881488732, guid: 8f4cf141059d7d447b5cc5161ba69c46, type: 2}
      propertyPath: m_RootOrder
      value: 2
      objectReference: {fileID: 0}
    - target: {fileID: 114136720849005054, guid: 8f4cf141059d7d447b5cc5161ba69c46,
        type: 2}
      propertyPath: CameraPos
      value: 
      objectReference: {fileID: 984844922}
    - target: {fileID: 4237827690753068, guid: 8f4cf141059d7d447b5cc5161ba69c46, type: 2}
      propertyPath: m_LocalScale.x
      value: 20
      objectReference: {fileID: 0}
    - target: {fileID: 4237827690753068, guid: 8f4cf141059d7d447b5cc5161ba69c46, type: 2}
      propertyPath: m_LocalScale.y
      value: 20
      objectReference: {fileID: 0}
    - target: {fileID: 114842419223278822, guid: 8f4cf141059d7d447b5cc5161ba69c46,
        type: 2}
      propertyPath: resetPosition.x
      value: 10
      objectReference: {fileID: 0}
    - target: {fileID: 212805009779234850, guid: 8f4cf141059d7d447b5cc5161ba69c46,
        type: 2}
      propertyPath: m_WasSpriteAssigned
      value: 1
      objectReference: {fileID: 0}
    - target: {fileID: 212805009779234850, guid: 8f4cf141059d7d447b5cc5161ba69c46,
        type: 2}
      propertyPath: m_Sprite
      value: 
      objectReference: {fileID: 0}
    - target: {fileID: 1564427761182294, guid: 8f4cf141059d7d447b5cc5161ba69c46, type: 2}
      propertyPath: m_IsActive
      value: 0
      objectReference: {fileID: 0}
    - target: {fileID: 61607468037990616, guid: 8f4cf141059d7d447b5cc5161ba69c46,
        type: 2}
      propertyPath: m_Size.x
      value: 0.075
      objectReference: {fileID: 0}
    m_RemovedComponents: []
  m_ParentPrefab: {fileID: 100100000, guid: 8f4cf141059d7d447b5cc5161ba69c46, type: 2}
  m_IsPrefabParent: 0
--- !u!1 &1236335511 stripped
GameObject:
  m_PrefabParentObject: {fileID: 1650402356576732, guid: 8f4cf141059d7d447b5cc5161ba69c46,
    type: 2}
  m_PrefabInternal: {fileID: 1236335510}
--- !u!4 &1236335512 stripped
Transform:
  m_PrefabParentObject: {fileID: 4750619881488732, guid: 8f4cf141059d7d447b5cc5161ba69c46,
    type: 2}
  m_PrefabInternal: {fileID: 1236335510}
--- !u!1 &1481216239
GameObject:
  m_ObjectHideFlags: 0
  m_PrefabParentObject: {fileID: 0}
  m_PrefabInternal: {fileID: 0}
  serializedVersion: 5
  m_Component:
  - component: {fileID: 1481216241}
  - component: {fileID: 1481216240}
  m_Layer: 0
  m_Name: WhiteScanner
  m_TagString: Untagged
  m_Icon: {fileID: 0}
  m_NavMeshLayer: 0
  m_StaticEditorFlags: 0
  m_IsActive: 1
--- !u!212 &1481216240
SpriteRenderer:
  m_ObjectHideFlags: 0
  m_PrefabParentObject: {fileID: 0}
  m_PrefabInternal: {fileID: 0}
  m_GameObject: {fileID: 1481216239}
  m_Enabled: 1
  m_CastShadows: 0
  m_ReceiveShadows: 0
  m_DynamicOccludee: 1
  m_MotionVectors: 1
  m_LightProbeUsage: 1
  m_ReflectionProbeUsage: 1
  m_RenderingLayerMask: 4294967295
  m_Materials:
  - {fileID: 10754, guid: 0000000000000000f000000000000000, type: 0}
  m_StaticBatchInfo:
    firstSubMesh: 0
    subMeshCount: 0
  m_StaticBatchRoot: {fileID: 0}
  m_ProbeAnchor: {fileID: 0}
  m_LightProbeVolumeOverride: {fileID: 0}
  m_ScaleInLightmap: 1
  m_PreserveUVs: 0
  m_IgnoreNormalsForChartDetection: 0
  m_ImportantGI: 0
  m_StitchLightmapSeams: 0
  m_SelectedEditorRenderState: 0
  m_MinimumChartSize: 4
  m_AutoUVMaxDistance: 0.5
  m_AutoUVMaxAngle: 89
  m_LightmapParameters: {fileID: 0}
  m_SortingLayerID: -26996047
  m_SortingLayer: 1
  m_SortingOrder: 0
  m_Sprite: {fileID: 21300000, guid: 00427f4dac5f8e14894389b64a30255d, type: 3}
  m_Color: {r: 0.3679245, g: 0.3679245, b: 0.3679245, a: 1}
  m_FlipX: 0
  m_FlipY: 0
  m_DrawMode: 0
  m_Size: {x: 0.1, y: 0.1}
  m_AdaptiveModeThreshold: 0.5
  m_SpriteTileMode: 0
  m_WasSpriteAssigned: 1
  m_MaskInteraction: 0
--- !u!4 &1481216241
Transform:
  m_ObjectHideFlags: 0
  m_PrefabParentObject: {fileID: 0}
  m_PrefabInternal: {fileID: 0}
  m_GameObject: {fileID: 1481216239}
  m_LocalRotation: {x: -0, y: -0, z: -0, w: 1}
  m_LocalPosition: {x: -34.8, y: 0, z: 0}
  m_LocalScale: {x: 1000, y: 1000, z: 1}
  m_Children: []
  m_Father: {fileID: 0}
  m_RootOrder: 0
  m_LocalEulerAnglesHint: {x: 0, y: 0, z: 0}
--- !u!1001 &1511086337
Prefab:
  m_ObjectHideFlags: 0
  serializedVersion: 2
  m_Modification:
    m_TransformParent: {fileID: 0}
    m_Modifications:
    - target: {fileID: 4659791179358966, guid: bb6c4c6c09e0feb4a96a07bbe0abc75b, type: 2}
      propertyPath: m_LocalPosition.x
      value: 5.3
      objectReference: {fileID: 0}
    - target: {fileID: 4659791179358966, guid: bb6c4c6c09e0feb4a96a07bbe0abc75b, type: 2}
      propertyPath: m_LocalPosition.y
      value: 0
      objectReference: {fileID: 0}
    - target: {fileID: 4659791179358966, guid: bb6c4c6c09e0feb4a96a07bbe0abc75b, type: 2}
      propertyPath: m_LocalPosition.z
      value: 0
      objectReference: {fileID: 0}
    - target: {fileID: 4659791179358966, guid: bb6c4c6c09e0feb4a96a07bbe0abc75b, type: 2}
      propertyPath: m_LocalRotation.x
      value: 0
      objectReference: {fileID: 0}
    - target: {fileID: 4659791179358966, guid: bb6c4c6c09e0feb4a96a07bbe0abc75b, type: 2}
      propertyPath: m_LocalRotation.y
      value: 0
      objectReference: {fileID: 0}
    - target: {fileID: 4659791179358966, guid: bb6c4c6c09e0feb4a96a07bbe0abc75b, type: 2}
      propertyPath: m_LocalRotation.z
      value: 0
      objectReference: {fileID: 0}
    - target: {fileID: 4659791179358966, guid: bb6c4c6c09e0feb4a96a07bbe0abc75b, type: 2}
      propertyPath: m_LocalRotation.w
      value: 1
      objectReference: {fileID: 0}
    - target: {fileID: 4659791179358966, guid: bb6c4c6c09e0feb4a96a07bbe0abc75b, type: 2}
      propertyPath: m_RootOrder
      value: 4
      objectReference: {fileID: 0}
    m_RemovedComponents: []
  m_ParentPrefab: {fileID: 100100000, guid: bb6c4c6c09e0feb4a96a07bbe0abc75b, type: 2}
  m_IsPrefabParent: 0
--- !u!1001 &1825684590
Prefab:
  m_ObjectHideFlags: 0
  serializedVersion: 2
  m_Modification:
    m_TransformParent: {fileID: 0}
    m_Modifications:
    - target: {fileID: 4118046600203990, guid: 66e918ce86298c64e872c8f1dbf31897, type: 2}
      propertyPath: m_LocalPosition.x
      value: -19.2
      objectReference: {fileID: 0}
    - target: {fileID: 4118046600203990, guid: 66e918ce86298c64e872c8f1dbf31897, type: 2}
      propertyPath: m_LocalPosition.y
      value: -7.8
      objectReference: {fileID: 0}
    - target: {fileID: 4118046600203990, guid: 66e918ce86298c64e872c8f1dbf31897, type: 2}
      propertyPath: m_LocalPosition.z
      value: 0
      objectReference: {fileID: 0}
    - target: {fileID: 4118046600203990, guid: 66e918ce86298c64e872c8f1dbf31897, type: 2}
      propertyPath: m_LocalRotation.x
      value: -0
      objectReference: {fileID: 0}
    - target: {fileID: 4118046600203990, guid: 66e918ce86298c64e872c8f1dbf31897, type: 2}
      propertyPath: m_LocalRotation.y
      value: -0
      objectReference: {fileID: 0}
    - target: {fileID: 4118046600203990, guid: 66e918ce86298c64e872c8f1dbf31897, type: 2}
      propertyPath: m_LocalRotation.z
      value: -0
      objectReference: {fileID: 0}
    - target: {fileID: 4118046600203990, guid: 66e918ce86298c64e872c8f1dbf31897, type: 2}
      propertyPath: m_LocalRotation.w
      value: 1
      objectReference: {fileID: 0}
    - target: {fileID: 4118046600203990, guid: 66e918ce86298c64e872c8f1dbf31897, type: 2}
      propertyPath: m_RootOrder
      value: 8
      objectReference: {fileID: 0}
    - target: {fileID: 1966659752794772, guid: 66e918ce86298c64e872c8f1dbf31897, type: 2}
      propertyPath: m_Name
      value: square_ground (3)
      objectReference: {fileID: 0}
    - target: {fileID: 4118046600203990, guid: 66e918ce86298c64e872c8f1dbf31897, type: 2}
      propertyPath: m_LocalScale.x
      value: 20
      objectReference: {fileID: 0}
    - target: {fileID: 4118046600203990, guid: 66e918ce86298c64e872c8f1dbf31897, type: 2}
      propertyPath: m_LocalScale.y
      value: 20
      objectReference: {fileID: 0}
    m_RemovedComponents: []
  m_ParentPrefab: {fileID: 100100000, guid: 66e918ce86298c64e872c8f1dbf31897, type: 2}
  m_IsPrefabParent: 0
--- !u!1001 &1856945019
Prefab:
  m_ObjectHideFlags: 0
  serializedVersion: 2
  m_Modification:
    m_TransformParent: {fileID: 0}
    m_Modifications:
    - target: {fileID: 4118046600203990, guid: 66e918ce86298c64e872c8f1dbf31897, type: 2}
      propertyPath: m_LocalPosition.x
      value: 1.2
      objectReference: {fileID: 0}
    - target: {fileID: 4118046600203990, guid: 66e918ce86298c64e872c8f1dbf31897, type: 2}
      propertyPath: m_LocalPosition.y
      value: -7.8
      objectReference: {fileID: 0}
    - target: {fileID: 4118046600203990, guid: 66e918ce86298c64e872c8f1dbf31897, type: 2}
      propertyPath: m_LocalPosition.z
      value: 0
      objectReference: {fileID: 0}
    - target: {fileID: 4118046600203990, guid: 66e918ce86298c64e872c8f1dbf31897, type: 2}
      propertyPath: m_LocalRotation.x
      value: -0
      objectReference: {fileID: 0}
    - target: {fileID: 4118046600203990, guid: 66e918ce86298c64e872c8f1dbf31897, type: 2}
      propertyPath: m_LocalRotation.y
      value: -0
      objectReference: {fileID: 0}
    - target: {fileID: 4118046600203990, guid: 66e918ce86298c64e872c8f1dbf31897, type: 2}
      propertyPath: m_LocalRotation.z
      value: -0
      objectReference: {fileID: 0}
    - target: {fileID: 4118046600203990, guid: 66e918ce86298c64e872c8f1dbf31897, type: 2}
      propertyPath: m_LocalRotation.w
      value: 1
      objectReference: {fileID: 0}
    - target: {fileID: 4118046600203990, guid: 66e918ce86298c64e872c8f1dbf31897, type: 2}
      propertyPath: m_RootOrder
      value: 7
      objectReference: {fileID: 0}
    - target: {fileID: 1966659752794772, guid: 66e918ce86298c64e872c8f1dbf31897, type: 2}
      propertyPath: m_Name
      value: square_ground (2)
      objectReference: {fileID: 0}
    - target: {fileID: 4118046600203990, guid: 66e918ce86298c64e872c8f1dbf31897, type: 2}
      propertyPath: m_LocalScale.x
      value: 20
      objectReference: {fileID: 0}
    - target: {fileID: 4118046600203990, guid: 66e918ce86298c64e872c8f1dbf31897, type: 2}
      propertyPath: m_LocalScale.y
      value: 20
      objectReference: {fileID: 0}
    m_RemovedComponents: []
  m_ParentPrefab: {fileID: 100100000, guid: 66e918ce86298c64e872c8f1dbf31897, type: 2}
  m_IsPrefabParent: 0
--- !u!1001 &2040355856
Prefab:
  m_ObjectHideFlags: 0
  serializedVersion: 2
  m_Modification:
    m_TransformParent: {fileID: 0}
    m_Modifications:
    - target: {fileID: 4073153578758822, guid: cf835d4208993044d94ace06d6a7f3aa, type: 2}
      propertyPath: m_LocalPosition.x
      value: -15.5
      objectReference: {fileID: 0}
    - target: {fileID: 4073153578758822, guid: cf835d4208993044d94ace06d6a7f3aa, type: 2}
      propertyPath: m_LocalPosition.y
      value: -1.75
      objectReference: {fileID: 0}
    - target: {fileID: 4073153578758822, guid: cf835d4208993044d94ace06d6a7f3aa, type: 2}
      propertyPath: m_LocalPosition.z
      value: 0
      objectReference: {fileID: 0}
    - target: {fileID: 4073153578758822, guid: cf835d4208993044d94ace06d6a7f3aa, type: 2}
      propertyPath: m_LocalRotation.x
      value: 0
      objectReference: {fileID: 0}
    - target: {fileID: 4073153578758822, guid: cf835d4208993044d94ace06d6a7f3aa, type: 2}
      propertyPath: m_LocalRotation.y
      value: 0
      objectReference: {fileID: 0}
    - target: {fileID: 4073153578758822, guid: cf835d4208993044d94ace06d6a7f3aa, type: 2}
      propertyPath: m_LocalRotation.z
      value: 0
      objectReference: {fileID: 0}
    - target: {fileID: 4073153578758822, guid: cf835d4208993044d94ace06d6a7f3aa, type: 2}
      propertyPath: m_LocalRotation.w
      value: 1
      objectReference: {fileID: 0}
    - target: {fileID: 4073153578758822, guid: cf835d4208993044d94ace06d6a7f3aa, type: 2}
      propertyPath: m_RootOrder
      value: 5
      objectReference: {fileID: 0}
    - target: {fileID: 4273583475995622, guid: cf835d4208993044d94ace06d6a7f3aa, type: 2}
      propertyPath: m_LocalPosition.x
      value: 0.603
      objectReference: {fileID: 0}
    - target: {fileID: 4273583475995622, guid: cf835d4208993044d94ace06d6a7f3aa, type: 2}
      propertyPath: m_LocalPosition.y
      value: 0
      objectReference: {fileID: 0}
    m_RemovedComponents: []
  m_ParentPrefab: {fileID: 100100000, guid: cf835d4208993044d94ace06d6a7f3aa, type: 2}
  m_IsPrefabParent: 0
--- !u!1001 &2138417485
Prefab:
  m_ObjectHideFlags: 0
  serializedVersion: 2
  m_Modification:
    m_TransformParent: {fileID: 0}
    m_Modifications:
    - target: {fileID: 4118046600203990, guid: 66e918ce86298c64e872c8f1dbf31897, type: 2}
      propertyPath: m_LocalPosition.x
      value: 56.3
      objectReference: {fileID: 0}
    - target: {fileID: 4118046600203990, guid: 66e918ce86298c64e872c8f1dbf31897, type: 2}
      propertyPath: m_LocalPosition.y
      value: -5.6
      objectReference: {fileID: 0}
    - target: {fileID: 4118046600203990, guid: 66e918ce86298c64e872c8f1dbf31897, type: 2}
      propertyPath: m_LocalPosition.z
      value: 0
      objectReference: {fileID: 0}
    - target: {fileID: 4118046600203990, guid: 66e918ce86298c64e872c8f1dbf31897, type: 2}
      propertyPath: m_LocalRotation.x
      value: -0
      objectReference: {fileID: 0}
    - target: {fileID: 4118046600203990, guid: 66e918ce86298c64e872c8f1dbf31897, type: 2}
      propertyPath: m_LocalRotation.y
      value: -0
      objectReference: {fileID: 0}
    - target: {fileID: 4118046600203990, guid: 66e918ce86298c64e872c8f1dbf31897, type: 2}
      propertyPath: m_LocalRotation.z
      value: -0
      objectReference: {fileID: 0}
    - target: {fileID: 4118046600203990, guid: 66e918ce86298c64e872c8f1dbf31897, type: 2}
      propertyPath: m_LocalRotation.w
      value: 1
      objectReference: {fileID: 0}
    - target: {fileID: 4118046600203990, guid: 66e918ce86298c64e872c8f1dbf31897, type: 2}
      propertyPath: m_RootOrder
      value: 11
      objectReference: {fileID: 0}
    - target: {fileID: 1966659752794772, guid: 66e918ce86298c64e872c8f1dbf31897, type: 2}
      propertyPath: m_Name
      value: square_ground (4)
      objectReference: {fileID: 0}
    - target: {fileID: 4118046600203990, guid: 66e918ce86298c64e872c8f1dbf31897, type: 2}
      propertyPath: m_LocalScale.x
      value: 50
      objectReference: {fileID: 0}
    - target: {fileID: 4118046600203990, guid: 66e918ce86298c64e872c8f1dbf31897, type: 2}
      propertyPath: m_LocalScale.y
      value: 30
      objectReference: {fileID: 0}
    m_RemovedComponents: []
  m_ParentPrefab: {fileID: 100100000, guid: 66e918ce86298c64e872c8f1dbf31897, type: 2}
  m_IsPrefabParent: 0
