%YAML 1.1
%TAG !u! tag:unity3d.com,2011:
--- !u!29 &1
OcclusionCullingSettings:
  m_ObjectHideFlags: 0
  serializedVersion: 2
  m_OcclusionBakeSettings:
    smallestOccluder: 5
    smallestHole: 0.25
    backfaceThreshold: 100
  m_SceneGUID: 00000000000000000000000000000000
  m_OcclusionCullingData: {fileID: 0}
--- !u!104 &2
RenderSettings:
  m_ObjectHideFlags: 0
  serializedVersion: 9
  m_Fog: 0
  m_FogColor: {r: 0.5, g: 0.5, b: 0.5, a: 1}
  m_FogMode: 3
  m_FogDensity: 0.01
  m_LinearFogStart: 0
  m_LinearFogEnd: 300
  m_AmbientSkyColor: {r: 0.212, g: 0.227, b: 0.259, a: 1}
  m_AmbientEquatorColor: {r: 0.114, g: 0.125, b: 0.133, a: 1}
  m_AmbientGroundColor: {r: 0.047, g: 0.043, b: 0.035, a: 1}
  m_AmbientIntensity: 1
  m_AmbientMode: 3
  m_SubtractiveShadowColor: {r: 0.42, g: 0.478, b: 0.627, a: 1}
  m_SkyboxMaterial: {fileID: 0}
  m_HaloStrength: 0.5
  m_FlareStrength: 1
  m_FlareFadeSpeed: 3
  m_HaloTexture: {fileID: 0}
  m_SpotCookie: {fileID: 10001, guid: 0000000000000000e000000000000000, type: 0}
  m_DefaultReflectionMode: 0
  m_DefaultReflectionResolution: 128
  m_ReflectionBounces: 1
  m_ReflectionIntensity: 1
  m_CustomReflection: {fileID: 0}
  m_Sun: {fileID: 0}
  m_IndirectSpecularColor: {r: 0, g: 0, b: 0, a: 1}
  m_UseRadianceAmbientProbe: 0
--- !u!157 &3
LightmapSettings:
  m_ObjectHideFlags: 0
  serializedVersion: 11
  m_GIWorkflowMode: 1
  m_GISettings:
    serializedVersion: 2
    m_BounceScale: 1
    m_IndirectOutputScale: 1
    m_AlbedoBoost: 1
    m_TemporalCoherenceThreshold: 1
    m_EnvironmentLightingMode: 0
    m_EnableBakedLightmaps: 0
    m_EnableRealtimeLightmaps: 0
  m_LightmapEditorSettings:
    serializedVersion: 10
    m_Resolution: 2
    m_BakeResolution: 40
    m_AtlasSize: 1024
    m_AO: 0
    m_AOMaxDistance: 1
    m_CompAOExponent: 1
    m_CompAOExponentDirect: 0
    m_Padding: 2
    m_LightmapParameters: {fileID: 0}
    m_LightmapsBakeMode: 1
    m_TextureCompression: 1
    m_FinalGather: 0
    m_FinalGatherFiltering: 1
    m_FinalGatherRayCount: 256
    m_ReflectionCompression: 2
    m_MixedBakeMode: 2
    m_BakeBackend: 1
    m_PVRSampling: 1
    m_PVRDirectSampleCount: 32
    m_PVRSampleCount: 500
    m_PVRBounces: 2
    m_PVRFilterTypeDirect: 0
    m_PVRFilterTypeIndirect: 0
    m_PVRFilterTypeAO: 0
    m_PVRFilteringMode: 1
    m_PVRCulling: 1
    m_PVRFilteringGaussRadiusDirect: 1
    m_PVRFilteringGaussRadiusIndirect: 5
    m_PVRFilteringGaussRadiusAO: 2
    m_PVRFilteringAtrousPositionSigmaDirect: 0.5
    m_PVRFilteringAtrousPositionSigmaIndirect: 2
    m_PVRFilteringAtrousPositionSigmaAO: 1
    m_ShowResolutionOverlay: 1
  m_LightingDataAsset: {fileID: 0}
  m_UseShadowmask: 1
--- !u!196 &4
NavMeshSettings:
  serializedVersion: 2
  m_ObjectHideFlags: 0
  m_BuildSettings:
    serializedVersion: 2
    agentTypeID: 0
    agentRadius: 0.5
    agentHeight: 2
    agentSlope: 45
    agentClimb: 0.4
    ledgeDropHeight: 0
    maxJumpAcrossDistance: 0
    minRegionArea: 2
    manualCellSize: 0
    cellSize: 0.16666667
    manualTileSize: 0
    tileSize: 256
    accuratePlacement: 0
    debug:
      m_Flags: 0
  m_NavMeshData: {fileID: 0}
--- !u!1001 &71461585
Prefab:
  m_ObjectHideFlags: 0
  serializedVersion: 2
  m_Modification:
    m_TransformParent: {fileID: 1813821149}
    m_Modifications:
    - target: {fileID: 4836103901182244, guid: 22aa7eae19cff984ca9022f879660674, type: 2}
      propertyPath: m_LocalPosition.x
      value: 4.337495
      objectReference: {fileID: 0}
    - target: {fileID: 4836103901182244, guid: 22aa7eae19cff984ca9022f879660674, type: 2}
      propertyPath: m_LocalPosition.y
      value: 0.30157924
      objectReference: {fileID: 0}
    - target: {fileID: 4836103901182244, guid: 22aa7eae19cff984ca9022f879660674, type: 2}
      propertyPath: m_LocalPosition.z
      value: 14.11339
      objectReference: {fileID: 0}
    - target: {fileID: 4836103901182244, guid: 22aa7eae19cff984ca9022f879660674, type: 2}
      propertyPath: m_LocalRotation.x
      value: -0
      objectReference: {fileID: 0}
    - target: {fileID: 4836103901182244, guid: 22aa7eae19cff984ca9022f879660674, type: 2}
      propertyPath: m_LocalRotation.y
      value: -0
      objectReference: {fileID: 0}
    - target: {fileID: 4836103901182244, guid: 22aa7eae19cff984ca9022f879660674, type: 2}
      propertyPath: m_LocalRotation.z
      value: -0
      objectReference: {fileID: 0}
    - target: {fileID: 4836103901182244, guid: 22aa7eae19cff984ca9022f879660674, type: 2}
      propertyPath: m_LocalRotation.w
      value: 1
      objectReference: {fileID: 0}
    - target: {fileID: 4836103901182244, guid: 22aa7eae19cff984ca9022f879660674, type: 2}
      propertyPath: m_RootOrder
      value: 2
      objectReference: {fileID: 0}
    - target: {fileID: 1700497606907344, guid: 22aa7eae19cff984ca9022f879660674, type: 2}
      propertyPath: m_Name
      value: player_controller_Down
      objectReference: {fileID: 0}
    - target: {fileID: 1700497606907344, guid: 22aa7eae19cff984ca9022f879660674, type: 2}
      propertyPath: m_TagString
      value: Untagged
      objectReference: {fileID: 0}
    m_RemovedComponents: []
  m_ParentPrefab: {fileID: 100100000, guid: 22aa7eae19cff984ca9022f879660674, type: 2}
  m_IsPrefabParent: 0
--- !u!1 &109578845 stripped
GameObject:
  m_PrefabParentObject: {fileID: 1106533358237026, guid: 18c0a4923db013a4ab7ad28fd84bc9af,
    type: 2}
  m_PrefabInternal: {fileID: 867542585}
--- !u!114 &109578848 stripped
MonoBehaviour:
  m_PrefabParentObject: {fileID: 114875931049046464, guid: 18c0a4923db013a4ab7ad28fd84bc9af,
    type: 2}
  m_PrefabInternal: {fileID: 867542585}
  m_Script: {fileID: 11500000, guid: 7dae476573570df4798cebff007ea29f, type: 3}
--- !u!1001 &115667588
Prefab:
  m_ObjectHideFlags: 0
  serializedVersion: 2
  m_Modification:
    m_TransformParent: {fileID: 0}
    m_Modifications:
    - target: {fileID: 4704764105176018, guid: 26c932c945894d3409e3c941cfcdffe2, type: 2}
      propertyPath: m_LocalPosition.x
      value: -0.18749481
      objectReference: {fileID: 0}
    - target: {fileID: 4704764105176018, guid: 26c932c945894d3409e3c941cfcdffe2, type: 2}
      propertyPath: m_LocalPosition.y
      value: -1.751579
      objectReference: {fileID: 0}
    - target: {fileID: 4704764105176018, guid: 26c932c945894d3409e3c941cfcdffe2, type: 2}
      propertyPath: m_LocalPosition.z
      value: -4.1133895
      objectReference: {fileID: 0}
    - target: {fileID: 4704764105176018, guid: 26c932c945894d3409e3c941cfcdffe2, type: 2}
      propertyPath: m_LocalRotation.x
      value: 0
      objectReference: {fileID: 0}
    - target: {fileID: 4704764105176018, guid: 26c932c945894d3409e3c941cfcdffe2, type: 2}
      propertyPath: m_LocalRotation.y
      value: 0
      objectReference: {fileID: 0}
    - target: {fileID: 4704764105176018, guid: 26c932c945894d3409e3c941cfcdffe2, type: 2}
      propertyPath: m_LocalRotation.z
      value: 0
      objectReference: {fileID: 0}
    - target: {fileID: 4704764105176018, guid: 26c932c945894d3409e3c941cfcdffe2, type: 2}
      propertyPath: m_LocalRotation.w
      value: 1
      objectReference: {fileID: 0}
    - target: {fileID: 4704764105176018, guid: 26c932c945894d3409e3c941cfcdffe2, type: 2}
      propertyPath: m_RootOrder
      value: 3
      objectReference: {fileID: 0}
    - target: {fileID: 114397193368887384, guid: 26c932c945894d3409e3c941cfcdffe2,
        type: 2}
      propertyPath: Player
      value: 
      objectReference: {fileID: 1595789142}
    - target: {fileID: 114397193368887384, guid: 26c932c945894d3409e3c941cfcdffe2,
        type: 2}
      propertyPath: Player_Left
      value: 
      objectReference: {fileID: 863755961}
    - target: {fileID: 114397193368887384, guid: 26c932c945894d3409e3c941cfcdffe2,
        type: 2}
      propertyPath: Player_Right
      value: 
      objectReference: {fileID: 326561272}
    - target: {fileID: 114397193368887384, guid: 26c932c945894d3409e3c941cfcdffe2,
        type: 2}
      propertyPath: drawController
      value: 
      objectReference: {fileID: 109578848}
    m_RemovedComponents: []
  m_ParentPrefab: {fileID: 100100000, guid: 26c932c945894d3409e3c941cfcdffe2, type: 2}
  m_IsPrefabParent: 0
--- !u!4 &133572229 stripped
Transform:
  m_PrefabParentObject: {fileID: 4210263593005040, guid: 18c0a4923db013a4ab7ad28fd84bc9af,
    type: 2}
  m_PrefabInternal: {fileID: 867542585}
--- !u!1001 &163423160
Prefab:
  m_ObjectHideFlags: 0
  serializedVersion: 2
  m_Modification:
    m_TransformParent: {fileID: 0}
    m_Modifications:
    - target: {fileID: 4118046600203990, guid: 66e918ce86298c64e872c8f1dbf31897, type: 2}
      propertyPath: m_LocalPosition.x
      value: 0
      objectReference: {fileID: 0}
    - target: {fileID: 4118046600203990, guid: 66e918ce86298c64e872c8f1dbf31897, type: 2}
      propertyPath: m_LocalPosition.y
      value: 9.3
      objectReference: {fileID: 0}
    - target: {fileID: 4118046600203990, guid: 66e918ce86298c64e872c8f1dbf31897, type: 2}
      propertyPath: m_LocalPosition.z
      value: 0
      objectReference: {fileID: 0}
    - target: {fileID: 4118046600203990, guid: 66e918ce86298c64e872c8f1dbf31897, type: 2}
      propertyPath: m_LocalRotation.x
      value: -0
      objectReference: {fileID: 0}
    - target: {fileID: 4118046600203990, guid: 66e918ce86298c64e872c8f1dbf31897, type: 2}
      propertyPath: m_LocalRotation.y
      value: -0
      objectReference: {fileID: 0}
    - target: {fileID: 4118046600203990, guid: 66e918ce86298c64e872c8f1dbf31897, type: 2}
      propertyPath: m_LocalRotation.z
      value: -0
      objectReference: {fileID: 0}
    - target: {fileID: 4118046600203990, guid: 66e918ce86298c64e872c8f1dbf31897, type: 2}
      propertyPath: m_LocalRotation.w
      value: 1
      objectReference: {fileID: 0}
    - target: {fileID: 4118046600203990, guid: 66e918ce86298c64e872c8f1dbf31897, type: 2}
      propertyPath: m_RootOrder
      value: 9
      objectReference: {fileID: 0}
    - target: {fileID: 1966659752794772, guid: 66e918ce86298c64e872c8f1dbf31897, type: 2}
      propertyPath: m_Name
      value: square_ground (1)
      objectReference: {fileID: 0}
    - target: {fileID: 4118046600203990, guid: 66e918ce86298c64e872c8f1dbf31897, type: 2}
      propertyPath: m_LocalScale.x
      value: 100
      objectReference: {fileID: 0}
    m_RemovedComponents: []
  m_ParentPrefab: {fileID: 100100000, guid: 66e918ce86298c64e872c8f1dbf31897, type: 2}
  m_IsPrefabParent: 0
--- !u!1001 &205333089
Prefab:
  m_ObjectHideFlags: 0
  serializedVersion: 2
  m_Modification:
    m_TransformParent: {fileID: 0}
    m_Modifications:
    - target: {fileID: 4118046600203990, guid: 66e918ce86298c64e872c8f1dbf31897, type: 2}
      propertyPath: m_LocalPosition.x
      value: 29.9
      objectReference: {fileID: 0}
    - target: {fileID: 4118046600203990, guid: 66e918ce86298c64e872c8f1dbf31897, type: 2}
      propertyPath: m_LocalPosition.y
      value: 18.8
      objectReference: {fileID: 0}
    - target: {fileID: 4118046600203990, guid: 66e918ce86298c64e872c8f1dbf31897, type: 2}
      propertyPath: m_LocalPosition.z
      value: 0
      objectReference: {fileID: 0}
    - target: {fileID: 4118046600203990, guid: 66e918ce86298c64e872c8f1dbf31897, type: 2}
      propertyPath: m_LocalRotation.x
      value: -0
      objectReference: {fileID: 0}
    - target: {fileID: 4118046600203990, guid: 66e918ce86298c64e872c8f1dbf31897, type: 2}
      propertyPath: m_LocalRotation.y
      value: -0
      objectReference: {fileID: 0}
    - target: {fileID: 4118046600203990, guid: 66e918ce86298c64e872c8f1dbf31897, type: 2}
      propertyPath: m_LocalRotation.z
      value: -0
      objectReference: {fileID: 0}
    - target: {fileID: 4118046600203990, guid: 66e918ce86298c64e872c8f1dbf31897, type: 2}
      propertyPath: m_LocalRotation.w
      value: 1
      objectReference: {fileID: 0}
    - target: {fileID: 4118046600203990, guid: 66e918ce86298c64e872c8f1dbf31897, type: 2}
      propertyPath: m_RootOrder
      value: 11
      objectReference: {fileID: 0}
    - target: {fileID: 1966659752794772, guid: 66e918ce86298c64e872c8f1dbf31897, type: 2}
      propertyPath: m_Name
      value: square_ground (3)
      objectReference: {fileID: 0}
    - target: {fileID: 4118046600203990, guid: 66e918ce86298c64e872c8f1dbf31897, type: 2}
      propertyPath: m_LocalScale.x
      value: 100
      objectReference: {fileID: 0}
    m_RemovedComponents: []
  m_ParentPrefab: {fileID: 100100000, guid: 66e918ce86298c64e872c8f1dbf31897, type: 2}
  m_IsPrefabParent: 0
--- !u!1 &326561272 stripped
GameObject:
  m_PrefabParentObject: {fileID: 1700497606907344, guid: 22aa7eae19cff984ca9022f879660674,
    type: 2}
  m_PrefabInternal: {fileID: 1303728288}
--- !u!1 &555201205
GameObject:
  m_ObjectHideFlags: 0
  m_PrefabParentObject: {fileID: 0}
  m_PrefabInternal: {fileID: 0}
  serializedVersion: 5
  m_Component:
  - component: {fileID: 555201207}
  - component: {fileID: 555201206}
  m_Layer: 0
  m_Name: WHITEBOX (1)
  m_TagString: Untagged
  m_Icon: {fileID: 0}
  m_NavMeshLayer: 0
  m_StaticEditorFlags: 0
  m_IsActive: 1
--- !u!212 &555201206
SpriteRenderer:
  m_ObjectHideFlags: 0
  m_PrefabParentObject: {fileID: 0}
  m_PrefabInternal: {fileID: 0}
  m_GameObject: {fileID: 555201205}
  m_Enabled: 1
  m_CastShadows: 0
  m_ReceiveShadows: 0
  m_DynamicOccludee: 1
  m_MotionVectors: 1
  m_LightProbeUsage: 1
  m_ReflectionProbeUsage: 1
  m_RenderingLayerMask: 4294967295
  m_Materials:
  - {fileID: 10754, guid: 0000000000000000f000000000000000, type: 0}
  m_StaticBatchInfo:
    firstSubMesh: 0
    subMeshCount: 0
  m_StaticBatchRoot: {fileID: 0}
  m_ProbeAnchor: {fileID: 0}
  m_LightProbeVolumeOverride: {fileID: 0}
  m_ScaleInLightmap: 1
  m_PreserveUVs: 0
  m_IgnoreNormalsForChartDetection: 0
  m_ImportantGI: 0
  m_StitchLightmapSeams: 0
  m_SelectedEditorRenderState: 0
  m_MinimumChartSize: 4
  m_AutoUVMaxDistance: 0.5
  m_AutoUVMaxAngle: 89
  m_LightmapParameters: {fileID: 0}
  m_SortingLayerID: -89988241
  m_SortingLayer: 7
  m_SortingOrder: 0
  m_Sprite: {fileID: 21300000, guid: 3f9e00e535997ad448aec20e3740211c, type: 3}
  m_Color: {r: 0, g: 0, b: 0, a: 1}
  m_FlipX: 0
  m_FlipY: 0
  m_DrawMode: 0
  m_Size: {x: 0.2, y: 0.2}
  m_AdaptiveModeThreshold: 0.5
  m_SpriteTileMode: 0
  m_WasSpriteAssigned: 1
  m_MaskInteraction: 0
--- !u!4 &555201207
Transform:
  m_ObjectHideFlags: 0
  m_PrefabParentObject: {fileID: 0}
  m_PrefabInternal: {fileID: 0}
  m_GameObject: {fileID: 555201205}
  m_LocalRotation: {x: 0, y: 0, z: 0, w: 1}
  m_LocalPosition: {x: 15.4, y: -2.44, z: 0}
  m_LocalScale: {x: 20, y: 10, z: 1}
  m_Children: []
  m_Father: {fileID: 0}
  m_RootOrder: 6
  m_LocalEulerAnglesHint: {x: 0, y: 0, z: 0}
--- !u!1001 &764125832
Prefab:
  m_ObjectHideFlags: 0
  serializedVersion: 2
  m_Modification:
    m_TransformParent: {fileID: 0}
    m_Modifications:
    - target: {fileID: 4118046600203990, guid: 66e918ce86298c64e872c8f1dbf31897, type: 2}
      propertyPath: m_LocalPosition.x
      value: 0
      objectReference: {fileID: 0}
    - target: {fileID: 4118046600203990, guid: 66e918ce86298c64e872c8f1dbf31897, type: 2}
      propertyPath: m_LocalPosition.y
      value: -3.4
      objectReference: {fileID: 0}
    - target: {fileID: 4118046600203990, guid: 66e918ce86298c64e872c8f1dbf31897, type: 2}
      propertyPath: m_LocalPosition.z
      value: 0
      objectReference: {fileID: 0}
    - target: {fileID: 4118046600203990, guid: 66e918ce86298c64e872c8f1dbf31897, type: 2}
      propertyPath: m_LocalRotation.x
      value: -0
      objectReference: {fileID: 0}
    - target: {fileID: 4118046600203990, guid: 66e918ce86298c64e872c8f1dbf31897, type: 2}
      propertyPath: m_LocalRotation.y
      value: -0
      objectReference: {fileID: 0}
    - target: {fileID: 4118046600203990, guid: 66e918ce86298c64e872c8f1dbf31897, type: 2}
      propertyPath: m_LocalRotation.z
      value: -0
      objectReference: {fileID: 0}
    - target: {fileID: 4118046600203990, guid: 66e918ce86298c64e872c8f1dbf31897, type: 2}
      propertyPath: m_LocalRotation.w
      value: 1
      objectReference: {fileID: 0}
    - target: {fileID: 4118046600203990, guid: 66e918ce86298c64e872c8f1dbf31897, type: 2}
      propertyPath: m_RootOrder
      value: 2
      objectReference: {fileID: 0}
    m_RemovedComponents: []
  m_ParentPrefab: {fileID: 100100000, guid: 66e918ce86298c64e872c8f1dbf31897, type: 2}
  m_IsPrefabParent: 0
--- !u!1 &863755961 stripped
GameObject:
  m_PrefabParentObject: {fileID: 1756782623141158, guid: 07262a8cadbc5cf4eb01c5a9fe59ef7c,
    type: 2}
  m_PrefabInternal: {fileID: 1276064136}
--- !u!1001 &867542585
Prefab:
  m_ObjectHideFlags: 0
  serializedVersion: 2
  m_Modification:
    m_TransformParent: {fileID: 0}
    m_Modifications:
    - target: {fileID: 4072465476077156, guid: 18c0a4923db013a4ab7ad28fd84bc9af, type: 2}
      propertyPath: m_LocalPosition.x
      value: 0
      objectReference: {fileID: 0}
    - target: {fileID: 4072465476077156, guid: 18c0a4923db013a4ab7ad28fd84bc9af, type: 2}
      propertyPath: m_LocalPosition.y
      value: 0
      objectReference: {fileID: 0}
    - target: {fileID: 4072465476077156, guid: 18c0a4923db013a4ab7ad28fd84bc9af, type: 2}
      propertyPath: m_LocalPosition.z
      value: 0
      objectReference: {fileID: 0}
    - target: {fileID: 4072465476077156, guid: 18c0a4923db013a4ab7ad28fd84bc9af, type: 2}
      propertyPath: m_LocalRotation.x
      value: 0
      objectReference: {fileID: 0}
    - target: {fileID: 4072465476077156, guid: 18c0a4923db013a4ab7ad28fd84bc9af, type: 2}
      propertyPath: m_LocalRotation.y
      value: 0
      objectReference: {fileID: 0}
    - target: {fileID: 4072465476077156, guid: 18c0a4923db013a4ab7ad28fd84bc9af, type: 2}
      propertyPath: m_LocalRotation.z
      value: 0
      objectReference: {fileID: 0}
    - target: {fileID: 4072465476077156, guid: 18c0a4923db013a4ab7ad28fd84bc9af, type: 2}
      propertyPath: m_LocalRotation.w
      value: 1
      objectReference: {fileID: 0}
    - target: {fileID: 4072465476077156, guid: 18c0a4923db013a4ab7ad28fd84bc9af, type: 2}
      propertyPath: m_RootOrder
      value: 1
      objectReference: {fileID: 0}
    - target: {fileID: 114875931049046464, guid: 18c0a4923db013a4ab7ad28fd84bc9af,
        type: 2}
      propertyPath: Player
      value: 
      objectReference: {fileID: 1595789142}
    - target: {fileID: 114967185575358032, guid: 18c0a4923db013a4ab7ad28fd84bc9af,
        type: 2}
      propertyPath: Player
      value: 
      objectReference: {fileID: 1595789148}
    - target: {fileID: 114875931049046464, guid: 18c0a4923db013a4ab7ad28fd84bc9af,
        type: 2}
      propertyPath: prefabType
      value: 8
      objectReference: {fileID: 0}
    m_RemovedComponents: []
  m_ParentPrefab: {fileID: 100100000, guid: 18c0a4923db013a4ab7ad28fd84bc9af, type: 2}
  m_IsPrefabParent: 0
--- !u!1001 &1075146753
Prefab:
  m_ObjectHideFlags: 0
  serializedVersion: 2
  m_Modification:
    m_TransformParent: {fileID: 0}
    m_Modifications:
    - target: {fileID: 4118046600203990, guid: 66e918ce86298c64e872c8f1dbf31897, type: 2}
      propertyPath: m_LocalPosition.x
      value: 29.9
      objectReference: {fileID: 0}
    - target: {fileID: 4118046600203990, guid: 66e918ce86298c64e872c8f1dbf31897, type: 2}
      propertyPath: m_LocalPosition.y
      value: 3.5
      objectReference: {fileID: 0}
    - target: {fileID: 4118046600203990, guid: 66e918ce86298c64e872c8f1dbf31897, type: 2}
      propertyPath: m_LocalPosition.z
      value: 0
      objectReference: {fileID: 0}
    - target: {fileID: 4118046600203990, guid: 66e918ce86298c64e872c8f1dbf31897, type: 2}
      propertyPath: m_LocalRotation.x
      value: -0
      objectReference: {fileID: 0}
    - target: {fileID: 4118046600203990, guid: 66e918ce86298c64e872c8f1dbf31897, type: 2}
      propertyPath: m_LocalRotation.y
      value: -0
      objectReference: {fileID: 0}
    - target: {fileID: 4118046600203990, guid: 66e918ce86298c64e872c8f1dbf31897, type: 2}
      propertyPath: m_LocalRotation.z
      value: -0
      objectReference: {fileID: 0}
    - target: {fileID: 4118046600203990, guid: 66e918ce86298c64e872c8f1dbf31897, type: 2}
      propertyPath: m_LocalRotation.w
      value: 1
      objectReference: {fileID: 0}
    - target: {fileID: 4118046600203990, guid: 66e918ce86298c64e872c8f1dbf31897, type: 2}
      propertyPath: m_RootOrder
      value: 10
      objectReference: {fileID: 0}
    - target: {fileID: 1966659752794772, guid: 66e918ce86298c64e872c8f1dbf31897, type: 2}
      propertyPath: m_Name
      value: square_ground (2)
      objectReference: {fileID: 0}
    - target: {fileID: 4118046600203990, guid: 66e918ce86298c64e872c8f1dbf31897, type: 2}
      propertyPath: m_LocalScale.x
      value: 100
      objectReference: {fileID: 0}
    m_RemovedComponents: []
  m_ParentPrefab: {fileID: 100100000, guid: 66e918ce86298c64e872c8f1dbf31897, type: 2}
  m_IsPrefabParent: 0
--- !u!1001 &1151157829
Prefab:
  m_ObjectHideFlags: 0
  serializedVersion: 2
  m_Modification:
    m_TransformParent: {fileID: 0}
    m_Modifications:
    - target: {fileID: 4118046600203990, guid: 66e918ce86298c64e872c8f1dbf31897, type: 2}
      propertyPath: m_LocalPosition.x
      value: -0.2
      objectReference: {fileID: 0}
    - target: {fileID: 4118046600203990, guid: 66e918ce86298c64e872c8f1dbf31897, type: 2}
      propertyPath: m_LocalPosition.y
      value: 28.7
      objectReference: {fileID: 0}
    - target: {fileID: 4118046600203990, guid: 66e918ce86298c64e872c8f1dbf31897, type: 2}
      propertyPath: m_LocalPosition.z
      value: 0
      objectReference: {fileID: 0}
    - target: {fileID: 4118046600203990, guid: 66e918ce86298c64e872c8f1dbf31897, type: 2}
      propertyPath: m_LocalRotation.x
      value: -0
      objectReference: {fileID: 0}
    - target: {fileID: 4118046600203990, guid: 66e918ce86298c64e872c8f1dbf31897, type: 2}
      propertyPath: m_LocalRotation.y
      value: -0
      objectReference: {fileID: 0}
    - target: {fileID: 4118046600203990, guid: 66e918ce86298c64e872c8f1dbf31897, type: 2}
      propertyPath: m_LocalRotation.z
      value: -0
      objectReference: {fileID: 0}
    - target: {fileID: 4118046600203990, guid: 66e918ce86298c64e872c8f1dbf31897, type: 2}
      propertyPath: m_LocalRotation.w
      value: 1
      objectReference: {fileID: 0}
    - target: {fileID: 4118046600203990, guid: 66e918ce86298c64e872c8f1dbf31897, type: 2}
      propertyPath: m_RootOrder
      value: 12
      objectReference: {fileID: 0}
    - target: {fileID: 1966659752794772, guid: 66e918ce86298c64e872c8f1dbf31897, type: 2}
      propertyPath: m_Name
      value: square_ground (4)
      objectReference: {fileID: 0}
    - target: {fileID: 4118046600203990, guid: 66e918ce86298c64e872c8f1dbf31897, type: 2}
      propertyPath: m_LocalScale.x
      value: 100
      objectReference: {fileID: 0}
    m_RemovedComponents: []
  m_ParentPrefab: {fileID: 100100000, guid: 66e918ce86298c64e872c8f1dbf31897, type: 2}
  m_IsPrefabParent: 0
--- !u!1001 &1276064136
Prefab:
  m_ObjectHideFlags: 0
  serializedVersion: 2
  m_Modification:
    m_TransformParent: {fileID: 1813821149}
    m_Modifications:
    - target: {fileID: 4613125637341784, guid: 07262a8cadbc5cf4eb01c5a9fe59ef7c, type: 2}
      propertyPath: m_LocalPosition.x
      value: 4.337495
      objectReference: {fileID: 0}
    - target: {fileID: 4613125637341784, guid: 07262a8cadbc5cf4eb01c5a9fe59ef7c, type: 2}
      propertyPath: m_LocalPosition.y
      value: 0.30157924
      objectReference: {fileID: 0}
    - target: {fileID: 4613125637341784, guid: 07262a8cadbc5cf4eb01c5a9fe59ef7c, type: 2}
      propertyPath: m_LocalPosition.z
      value: 14.11339
      objectReference: {fileID: 0}
    - target: {fileID: 4613125637341784, guid: 07262a8cadbc5cf4eb01c5a9fe59ef7c, type: 2}
      propertyPath: m_LocalRotation.x
      value: -0
      objectReference: {fileID: 0}
    - target: {fileID: 4613125637341784, guid: 07262a8cadbc5cf4eb01c5a9fe59ef7c, type: 2}
      propertyPath: m_LocalRotation.y
      value: -0
      objectReference: {fileID: 0}
    - target: {fileID: 4613125637341784, guid: 07262a8cadbc5cf4eb01c5a9fe59ef7c, type: 2}
      propertyPath: m_LocalRotation.z
      value: -0
      objectReference: {fileID: 0}
    - target: {fileID: 4613125637341784, guid: 07262a8cadbc5cf4eb01c5a9fe59ef7c, type: 2}
      propertyPath: m_LocalRotation.w
      value: 1
      objectReference: {fileID: 0}
    - target: {fileID: 4613125637341784, guid: 07262a8cadbc5cf4eb01c5a9fe59ef7c, type: 2}
      propertyPath: m_RootOrder
      value: 1
      objectReference: {fileID: 0}
    m_RemovedComponents: []
  m_ParentPrefab: {fileID: 100100000, guid: 07262a8cadbc5cf4eb01c5a9fe59ef7c, type: 2}
  m_IsPrefabParent: 0
--- !u!1001 &1299299703
Prefab:
  m_ObjectHideFlags: 0
  serializedVersion: 2
  m_Modification:
    m_TransformParent: {fileID: 1813821149}
    m_Modifications:
    - target: {fileID: 4613125637341784, guid: 07262a8cadbc5cf4eb01c5a9fe59ef7c, type: 2}
      propertyPath: m_LocalPosition.x
      value: 4.337495
      objectReference: {fileID: 0}
    - target: {fileID: 4613125637341784, guid: 07262a8cadbc5cf4eb01c5a9fe59ef7c, type: 2}
      propertyPath: m_LocalPosition.y
      value: 0.30157924
      objectReference: {fileID: 0}
    - target: {fileID: 4613125637341784, guid: 07262a8cadbc5cf4eb01c5a9fe59ef7c, type: 2}
      propertyPath: m_LocalPosition.z
      value: 14.11339
      objectReference: {fileID: 0}
    - target: {fileID: 4613125637341784, guid: 07262a8cadbc5cf4eb01c5a9fe59ef7c, type: 2}
      propertyPath: m_LocalRotation.x
      value: -0
      objectReference: {fileID: 0}
    - target: {fileID: 4613125637341784, guid: 07262a8cadbc5cf4eb01c5a9fe59ef7c, type: 2}
      propertyPath: m_LocalRotation.y
      value: -0
      objectReference: {fileID: 0}
    - target: {fileID: 4613125637341784, guid: 07262a8cadbc5cf4eb01c5a9fe59ef7c, type: 2}
      propertyPath: m_LocalRotation.z
      value: -0
      objectReference: {fileID: 0}
    - target: {fileID: 4613125637341784, guid: 07262a8cadbc5cf4eb01c5a9fe59ef7c, type: 2}
      propertyPath: m_LocalRotation.w
      value: 1
      objectReference: {fileID: 0}
    - target: {fileID: 4613125637341784, guid: 07262a8cadbc5cf4eb01c5a9fe59ef7c, type: 2}
      propertyPath: m_RootOrder
      value: 3
      objectReference: {fileID: 0}
    - target: {fileID: 1756782623141158, guid: 07262a8cadbc5cf4eb01c5a9fe59ef7c, type: 2}
      propertyPath: m_Name
      value: player_controller_Up
      objectReference: {fileID: 0}
    - target: {fileID: 1756782623141158, guid: 07262a8cadbc5cf4eb01c5a9fe59ef7c, type: 2}
      propertyPath: m_TagString
      value: Untagged
      objectReference: {fileID: 0}
    m_RemovedComponents: []
  m_ParentPrefab: {fileID: 100100000, guid: 07262a8cadbc5cf4eb01c5a9fe59ef7c, type: 2}
  m_IsPrefabParent: 0
--- !u!1001 &1303728288
Prefab:
  m_ObjectHideFlags: 0
  serializedVersion: 2
  m_Modification:
    m_TransformParent: {fileID: 1813821149}
    m_Modifications:
    - target: {fileID: 4836103901182244, guid: 22aa7eae19cff984ca9022f879660674, type: 2}
      propertyPath: m_LocalPosition.x
      value: 4.337495
      objectReference: {fileID: 0}
    - target: {fileID: 4836103901182244, guid: 22aa7eae19cff984ca9022f879660674, type: 2}
      propertyPath: m_LocalPosition.y
      value: 0.30157924
      objectReference: {fileID: 0}
    - target: {fileID: 4836103901182244, guid: 22aa7eae19cff984ca9022f879660674, type: 2}
      propertyPath: m_LocalPosition.z
      value: 14.11339
      objectReference: {fileID: 0}
    - target: {fileID: 4836103901182244, guid: 22aa7eae19cff984ca9022f879660674, type: 2}
      propertyPath: m_LocalRotation.x
      value: -0
      objectReference: {fileID: 0}
    - target: {fileID: 4836103901182244, guid: 22aa7eae19cff984ca9022f879660674, type: 2}
      propertyPath: m_LocalRotation.y
      value: -0
      objectReference: {fileID: 0}
    - target: {fileID: 4836103901182244, guid: 22aa7eae19cff984ca9022f879660674, type: 2}
      propertyPath: m_LocalRotation.z
      value: -0
      objectReference: {fileID: 0}
    - target: {fileID: 4836103901182244, guid: 22aa7eae19cff984ca9022f879660674, type: 2}
      propertyPath: m_LocalRotation.w
      value: 1
      objectReference: {fileID: 0}
    - target: {fileID: 4836103901182244, guid: 22aa7eae19cff984ca9022f879660674, type: 2}
      propertyPath: m_RootOrder
      value: 0
      objectReference: {fileID: 0}
    m_RemovedComponents: []
  m_ParentPrefab: {fileID: 100100000, guid: 22aa7eae19cff984ca9022f879660674, type: 2}
  m_IsPrefabParent: 0
--- !u!1 &1595789142 stripped
GameObject:
  m_PrefabParentObject: {fileID: 1717785895276590, guid: 8a3eb36731d34b5428eb5cef450a17cf,
    type: 2}
  m_PrefabInternal: {fileID: 1916971060}
--- !u!4 &1595789148 stripped
Transform:
  m_PrefabParentObject: {fileID: 4400402786216644, guid: 8a3eb36731d34b5428eb5cef450a17cf,
    type: 2}
  m_PrefabInternal: {fileID: 1916971060}
--- !u!1001 &1641525828
Prefab:
  m_ObjectHideFlags: 0
  serializedVersion: 2
  m_Modification:
    m_TransformParent: {fileID: 0}
    m_Modifications:
    - target: {fileID: 4561311073752808, guid: e61e457b77dad5b43b0623e2423f22cd, type: 2}
      propertyPath: m_LocalPosition.x
      value: -23.605288
      objectReference: {fileID: 0}
    - target: {fileID: 4561311073752808, guid: e61e457b77dad5b43b0623e2423f22cd, type: 2}
      propertyPath: m_LocalPosition.y
      value: 1.7702806
      objectReference: {fileID: 0}
    - target: {fileID: 4561311073752808, guid: e61e457b77dad5b43b0623e2423f22cd, type: 2}
      propertyPath: m_LocalPosition.z
      value: -4.1015625
      objectReference: {fileID: 0}
    - target: {fileID: 4561311073752808, guid: e61e457b77dad5b43b0623e2423f22cd, type: 2}
      propertyPath: m_LocalRotation.x
      value: 0
      objectReference: {fileID: 0}
    - target: {fileID: 4561311073752808, guid: e61e457b77dad5b43b0623e2423f22cd, type: 2}
      propertyPath: m_LocalRotation.y
      value: 0
      objectReference: {fileID: 0}
    - target: {fileID: 4561311073752808, guid: e61e457b77dad5b43b0623e2423f22cd, type: 2}
      propertyPath: m_LocalRotation.z
      value: 0
      objectReference: {fileID: 0}
    - target: {fileID: 4561311073752808, guid: e61e457b77dad5b43b0623e2423f22cd, type: 2}
      propertyPath: m_LocalRotation.w
      value: 1
      objectReference: {fileID: 0}
    - target: {fileID: 4561311073752808, guid: e61e457b77dad5b43b0623e2423f22cd, type: 2}
      propertyPath: m_RootOrder
      value: 5
      objectReference: {fileID: 0}
    - target: {fileID: 114376481479274890, guid: e61e457b77dad5b43b0623e2423f22cd,
        type: 2}
      propertyPath: SquareState
      value: 
      objectReference: {fileID: 1827777682}
    m_RemovedComponents: []
  m_ParentPrefab: {fileID: 100100000, guid: e61e457b77dad5b43b0623e2423f22cd, type: 2}
  m_IsPrefabParent: 0
--- !u!1 &1766511667
GameObject:
  m_ObjectHideFlags: 0
  m_PrefabParentObject: {fileID: 0}
  m_PrefabInternal: {fileID: 0}
  serializedVersion: 5
  m_Component:
  - component: {fileID: 1766511669}
  - component: {fileID: 1766511668}
  m_Layer: 0
  m_Name: WHITEBOX
  m_TagString: Untagged
  m_Icon: {fileID: 0}
  m_NavMeshLayer: 0
  m_StaticEditorFlags: 0
  m_IsActive: 1
--- !u!212 &1766511668
SpriteRenderer:
  m_ObjectHideFlags: 0
  m_PrefabParentObject: {fileID: 0}
  m_PrefabInternal: {fileID: 0}
  m_GameObject: {fileID: 1766511667}
  m_Enabled: 1
  m_CastShadows: 0
  m_ReceiveShadows: 0
  m_DynamicOccludee: 1
  m_MotionVectors: 1
  m_LightProbeUsage: 1
  m_ReflectionProbeUsage: 1
  m_RenderingLayerMask: 4294967295
  m_Materials:
  - {fileID: 10754, guid: 0000000000000000f000000000000000, type: 0}
  m_StaticBatchInfo:
    firstSubMesh: 0
    subMeshCount: 0
  m_StaticBatchRoot: {fileID: 0}
  m_ProbeAnchor: {fileID: 0}
  m_LightProbeVolumeOverride: {fileID: 0}
  m_ScaleInLightmap: 1
  m_PreserveUVs: 0
  m_IgnoreNormalsForChartDetection: 0
  m_ImportantGI: 0
  m_StitchLightmapSeams: 0
  m_SelectedEditorRenderState: 0
  m_MinimumChartSize: 4
  m_AutoUVMaxDistance: 0.5
  m_AutoUVMaxAngle: 89
  m_LightmapParameters: {fileID: 0}
  m_SortingLayerID: -89988241
  m_SortingLayer: 7
  m_SortingOrder: 0
  m_Sprite: {fileID: 21300000, guid: 3f9e00e535997ad448aec20e3740211c, type: 3}
  m_Color: {r: 0.6839622, g: 1, b: 0.9272583, a: 1}
  m_FlipX: 0
  m_FlipY: 0
  m_DrawMode: 0
  m_Size: {x: 0.2, y: 0.2}
  m_AdaptiveModeThreshold: 0.5
  m_SpriteTileMode: 0
  m_WasSpriteAssigned: 1
  m_MaskInteraction: 0
--- !u!4 &1766511669
Transform:
  m_ObjectHideFlags: 0
  m_PrefabParentObject: {fileID: 0}
  m_PrefabInternal: {fileID: 0}
  m_GameObject: {fileID: 1766511667}
  m_LocalRotation: {x: 0, y: 0, z: 0, w: 1}
  m_LocalPosition: {x: 5.44, y: 0, z: 0}
  m_LocalScale: {x: 1000, y: 500, z: 1}
  m_Children: []
  m_Father: {fileID: 0}
  m_RootOrder: 4
  m_LocalEulerAnglesHint: {x: 0, y: 0, z: 0}
--- !u!4 &1813821149 stripped
Transform:
  m_PrefabParentObject: {fileID: 4704764105176018, guid: 26c932c945894d3409e3c941cfcdffe2,
    type: 2}
  m_PrefabInternal: {fileID: 115667588}
--- !u!114 &1827777682 stripped
MonoBehaviour:
  m_PrefabParentObject: {fileID: 114414677463721360, guid: 8a3eb36731d34b5428eb5cef450a17cf,
    type: 2}
  m_PrefabInternal: {fileID: 1916971060}
  m_Script: {fileID: 11500000, guid: c7175e99717eb2e44b077e0cddd07906, type: 3}
--- !u!1001 &1916971060
Prefab:
  m_ObjectHideFlags: 0
  serializedVersion: 2
  m_Modification:
    m_TransformParent: {fileID: 0}
    m_Modifications:
    - target: {fileID: 4400402786216644, guid: 8a3eb36731d34b5428eb5cef450a17cf, type: 2}
      propertyPath: m_LocalPosition.x
      value: 26.6
      objectReference: {fileID: 0}
    - target: {fileID: 4400402786216644, guid: 8a3eb36731d34b5428eb5cef450a17cf, type: 2}
      propertyPath: m_LocalPosition.y
      value: 22
      objectReference: {fileID: 0}
    - target: {fileID: 4400402786216644, guid: 8a3eb36731d34b5428eb5cef450a17cf, type: 2}
      propertyPath: m_LocalPosition.z
      value: 0
      objectReference: {fileID: 0}
    - target: {fileID: 4400402786216644, guid: 8a3eb36731d34b5428eb5cef450a17cf, type: 2}
      propertyPath: m_LocalRotation.x
      value: -0
      objectReference: {fileID: 0}
    - target: {fileID: 4400402786216644, guid: 8a3eb36731d34b5428eb5cef450a17cf, type: 2}
      propertyPath: m_LocalRotation.y
      value: -0
      objectReference: {fileID: 0}
    - target: {fileID: 4400402786216644, guid: 8a3eb36731d34b5428eb5cef450a17cf, type: 2}
      propertyPath: m_LocalRotation.z
      value: -0
      objectReference: {fileID: 0}
    - target: {fileID: 4400402786216644, guid: 8a3eb36731d34b5428eb5cef450a17cf, type: 2}
      propertyPath: m_LocalRotation.w
      value: 1
      objectReference: {fileID: 0}
    - target: {fileID: 4400402786216644, guid: 8a3eb36731d34b5428eb5cef450a17cf, type: 2}
      propertyPath: m_RootOrder
      value: 0
      objectReference: {fileID: 0}
    - target: {fileID: 114798436506919156, guid: 8a3eb36731d34b5428eb5cef450a17cf,
        type: 2}
      propertyPath: collisionBoxObject
      value: 
      objectReference: {fileID: 109578845}
    - target: {fileID: 114075187231826594, guid: 8a3eb36731d34b5428eb5cef450a17cf,
        type: 2}
      propertyPath: CameraPos
      value: 
      objectReference: {fileID: 133572229}
    m_RemovedComponents: []
  m_ParentPrefab: {fileID: 100100000, guid: 8a3eb36731d34b5428eb5cef450a17cf, type: 2}
  m_IsPrefabParent: 0
--- !u!1 &2024632795
GameObject:
  m_ObjectHideFlags: 0
  m_PrefabParentObject: {fileID: 0}
  m_PrefabInternal: {fileID: 0}
  serializedVersion: 5
  m_Component:
  - component: {fileID: 2024632797}
  - component: {fileID: 2024632796}
  m_Layer: 0
  m_Name: BlueSquare30
  m_TagString: Untagged
  m_Icon: {fileID: 0}
  m_NavMeshLayer: 0
  m_StaticEditorFlags: 0
  m_IsActive: 1
--- !u!212 &2024632796
SpriteRenderer:
  m_ObjectHideFlags: 0
  m_PrefabParentObject: {fileID: 0}
  m_PrefabInternal: {fileID: 0}
  m_GameObject: {fileID: 2024632795}
  m_Enabled: 1
  m_CastShadows: 0
  m_ReceiveShadows: 0
  m_DynamicOccludee: 1
  m_MotionVectors: 1
  m_LightProbeUsage: 1
  m_ReflectionProbeUsage: 1
  m_RenderingLayerMask: 4294967295
  m_Materials:
  - {fileID: 10754, guid: 0000000000000000f000000000000000, type: 0}
  m_StaticBatchInfo:
    firstSubMesh: 0
    subMeshCount: 0
  m_StaticBatchRoot: {fileID: 0}
  m_ProbeAnchor: {fileID: 0}
  m_LightProbeVolumeOverride: {fileID: 0}
  m_ScaleInLightmap: 1
  m_PreserveUVs: 0
  m_IgnoreNormalsForChartDetection: 0
  m_ImportantGI: 0
  m_StitchLightmapSeams: 0
  m_SelectedEditorRenderState: 0
  m_MinimumChartSize: 4
  m_AutoUVMaxDistance: 0.5
  m_AutoUVMaxAngle: 89
  m_LightmapParameters: {fileID: 0}
  m_SortingLayerID: 0
  m_SortingLayer: 0
  m_SortingOrder: 0
  m_Sprite: {fileID: 21300000, guid: 9b5db4031f7c9344682f9b0484575211, type: 3}
  m_Color: {r: 1, g: 1, b: 1, a: 1}
  m_FlipX: 0
  m_FlipY: 0
  m_DrawMode: 0
  m_Size: {x: 0.2, y: 0.2}
  m_AdaptiveModeThreshold: 0.5
  m_SpriteTileMode: 0
  m_WasSpriteAssigned: 1
  m_MaskInteraction: 0
--- !u!4 &2024632797
Transform:
  m_ObjectHideFlags: 0
  m_PrefabParentObject: {fileID: 0}
  m_PrefabInternal: {fileID: 0}
  m_GameObject: {fileID: 2024632795}
  m_LocalRotation: {x: 0, y: 0, z: 0, w: 1}
  m_LocalPosition: {x: 0, y: 0, z: 0}
  m_LocalScale: {x: 1, y: 1, z: 1}
  m_Children: []
  m_Father: {fileID: 0}
  m_RootOrder: 8
  m_LocalEulerAnglesHint: {x: 0, y: 0, z: 0}
--- !u!1 &2033732102
GameObject:
  m_ObjectHideFlags: 0
  m_PrefabParentObject: {fileID: 0}
  m_PrefabInternal: {fileID: 0}
  serializedVersion: 5
  m_Component:
  - component: {fileID: 2033732104}
  - component: {fileID: 2033732103}
  m_Layer: 0
  m_Name: WHITEBOX (2)
  m_TagString: Untagged
  m_Icon: {fileID: 0}
  m_NavMeshLayer: 0
  m_StaticEditorFlags: 0
  m_IsActive: 1
--- !u!212 &2033732103
SpriteRenderer:
  m_ObjectHideFlags: 0
  m_PrefabParentObject: {fileID: 0}
  m_PrefabInternal: {fileID: 0}
  m_GameObject: {fileID: 2033732102}
  m_Enabled: 1
  m_CastShadows: 0
  m_ReceiveShadows: 0
  m_DynamicOccludee: 1
  m_MotionVectors: 1
  m_LightProbeUsage: 1
  m_ReflectionProbeUsage: 1
  m_RenderingLayerMask: 4294967295
  m_Materials:
  - {fileID: 10754, guid: 0000000000000000f000000000000000, type: 0}
  m_StaticBatchInfo:
    firstSubMesh: 0
    subMeshCount: 0
  m_StaticBatchRoot: {fileID: 0}
  m_ProbeAnchor: {fileID: 0}
  m_LightProbeVolumeOverride: {fileID: 0}
  m_ScaleInLightmap: 1
  m_PreserveUVs: 0
  m_IgnoreNormalsForChartDetection: 0
  m_ImportantGI: 0
  m_StitchLightmapSeams: 0
  m_SelectedEditorRenderState: 0
  m_MinimumChartSize: 4
  m_AutoUVMaxDistance: 0.5
  m_AutoUVMaxAngle: 89
  m_LightmapParameters: {fileID: 0}
  m_SortingLayerID: -89988241
  m_SortingLayer: 7
  m_SortingOrder: 0
  m_Sprite: {fileID: 21300000, guid: 3f9e00e535997ad448aec20e3740211c, type: 3}
  m_Color: {r: 0.6839622, g: 1, b: 0.9272583, a: 1}
  m_FlipX: 0
  m_FlipY: 0
  m_DrawMode: 0
  m_Size: {x: 0.2, y: 0.2}
  m_AdaptiveModeThreshold: 0.5
  m_SpriteTileMode: 0
  m_WasSpriteAssigned: 1
  m_MaskInteraction: 0
--- !u!4 &2033732104
Transform:
  m_ObjectHideFlags: 0
  m_PrefabParentObject: {fileID: 0}
  m_PrefabInternal: {fileID: 0}
  m_GameObject: {fileID: 2033732102}
  m_LocalRotation: {x: 0, y: 0, z: 0, w: 1}
  m_LocalPosition: {x: 5.44, y: 0, z: 0}
  m_LocalScale: {x: 1000, y: 500, z: 1}
  m_Children: []
  m_Father: {fileID: 0}
  m_RootOrder: 7
  m_LocalEulerAnglesHint: {x: 0, y: 0, z: 0}
